@inproceedings{dong2014learning,
  title={Learning a Deep Convolutional Network for Image Super-Resolution},
  author={Dong, Chao and Loy, Chen Change and He, Kaiming and Tang, Xiaoou},
  booktitle={European Conference on Computer Vision (ECCV)},
  pages={184--199},
  year={2014},
  publisher={Springer},
  doi={10.1007/978-3-319-10593-2_13}
}

@inproceedings{ledig2017srgan,
  title={Photo-Realistic Single Image Super-Resolution Using a Generative Adversarial Network},
  author={Ledig, Christian and Theis, Lucas and Husz{\'a}r, Ferenc and Caballero, Jose and Cunningham, Andrew and Acosta, Alejandro and Aitken, Andrew and Tejani, Alykhan and Totz, Johannes and Wang, Zehan and Shi, Wenzhe},
  booktitle={IEEE Conference on Computer Vision and Pattern Recognition (CVPR)},
  pages={4681--4690},
  year={2017},
  doi={10.1109/CVPR.2017.19}
}

@inproceedings{wang2018esrgan,
  title={ESRGAN: Enhanced Super-Resolution Generative Adversarial Networks},
  author={Wang, Xintao and Yu, Ke and Wu, Shixiang and Gu, Jinjin and Liu, Yihao and Dong, Chao and Qiao, Yu and Change Loy, Chen},
  booktitle={European Conference on Computer Vision (ECCV) Workshops},
  year={2018},
  url={https://arxiv.org/abs/1809.00219}
}

@misc{kaggle_dataset,
  title={Satellite Image Caption Generation Dataset},
  author={Tom Tillo},
  year={2020},
  howpublished={Kaggle},
  url={https://www.kaggle.com/datasets/tomtillo/satellite-image-caption-generation}
}

@misc{github_repo,
  title={SuperResolutionProject},
  author={Singh, Harshdeep},
  year={2025},
  howpublished={GitHub Repository},
  url={https://github.com/harshdeep220/SuperResolutionProject}
}

@article{zhang2018lpips,
  title={The Unreasonable Effectiveness of Deep Features as a Perceptual Metric},
  author={Zhang, Richard and Isola, Phillip and Efros, Alexei A. and Shechtman, Eli and Wang, Oliver},
  journal={IEEE Conference on Computer Vision and Pattern Recognition (CVPR)},
  pages={586--595},
  year={2018},
  doi={10.1109/CVPR.2018.00068}
}

@inproceedings{heusel2017fid,
  title={GANs Trained by a Two Time-Scale Update Rule Converge to a Local Nash Equilibrium},
  author={Heusel, Martin and Ramsauer, Hubert and Unterthiner, Thomas and Nessler, Bernhard and Hochreiter, Sepp},
  booktitle={Advances in Neural Information Processing Systems (NeurIPS)},
  year={2017},
  url={https://arxiv.org/abs/1706.08500}
}

@article{scikit_image,
  title={scikit-image: image processing in Python},
  author={van der Walt, Stéfan and Schönberger, Johannes L. and Nunez-Iglesias, Juan and Boulogne, François and Warner, Joshua D. and Yager, Neil and Gouillart, Emmanuelle and Yu, Tony},
  journal={PeerJ},
  volume={2},
  pages={e453},
  year={2014},
  doi={10.7717/peerj.453}
}

@misc{geeksforgeeks_psnr,
  title={Python | Peak Signal to Noise Ratio (PSNR)},
  author={GeeksforGeeks},
  year={2022},
  url={https://www.geeksforgeeks.org/python/python-peak-signal-to-noise-ratio-psnr/}
}

@misc{geeksforgeeks_algorithms,
  title={Algorithms for Image Comparison},
  author={GeeksforGeeks},
  year={2021},
  url={https://www.geeksforgeeks.org/computer-vision/algorithms-for-image-comparison/}
}

@misc{geeksforgeeks_similarity,
  title={Image Similarity — Understanding and Implementing Methods},
  author={GeeksforGeeks},
  year={2021},
  url={https://www.geeksforgeeks.org/computer-vision/image-similarity-understanding-and-implementing-methods/}
}

@misc{geeksforgeeks_metrics,
  title={Performance Metrics for Image Steganography},
  author={GeeksforGeeks},
  year={2020},
  url={https://www.geeksforgeeks.org/computer-networks/performance-metrics-for-image-steganography/}
}
